\begin{thebibliography}{10}

@Article{Babuska70,
  author = 	 {Babu{\v{s}}ka, I.},
  title = 	 {Error-bounds for finite element method},
  journal = 	 {Numer.  Math},
  year = 	 {1970/1971},
  OPTkey = 	 {},
  volume = 	 {16},
  OPTnumber = 	 {},
  OPTpages = 	 {322-333},
  OPTmonth = 	 {},
  OPTnote = 	 {},
  OPTannote = 	 {}
}



@Book{BabuskaAziz72,
  author = 	 {Babu{\v{s}}ka, I.  and Aziz, A.K.},
  ALTeditor = 	 {},
  title = 	 {Survey lectures on the mathematical
  foundations of the finite element method, in The mathematical foundations of
  the finite element method with applications to partial differential equations
  ({P}roc. {S}ympos., {U}niv. {M}aryland, {B}altimore, {M}d., 1972)},
  publisher = 	 {Academic Press},
  year = 	 {1972},
  OPTkey = 	 {},
  OPTvolume = 	 {},
  OPTnumber = 	 {},
  OPTseries = 	 {},
  address = 	 {New York},
  OPTedition = 	 {},
  OPTmonth = 	 {},
  note = 	 {With the collaboration of G. Fix and R. B. Kellogg},
  annote = 	 {pp.~1--359}
}



@Article{BabuskaCalozOsborn94,
  author = 	 {Babu{\v{s}}ka, Iv. and Caloz, G. and Osborn, J.,E.},
  title = 	 {Special Finite Element
  Methods for a Class of Second Order Elliptic Problems with Rough
  Coefficients},
  journal = 	 {SIAM J. Numer. Anal.},
  year = 	 {1994},
  OPTkey = 	 {},
  Ovolume = 	 {31},
  OPTnumber = 	 {},
  pages = 	 {945--981},
  OPTmonth = 	 {},
  OPTnote = 	 {},
  OPTannote = 	 {}
}




@Article{BottassoMichelettiSacco02,
  author = 	 {Bottasso, C.L. and  Micheletti, S. and Sacco, R.},
  title = 	 {The discontinuous
  {P}etrov-{G}alerkin method for elliptic problems},
  journal = 	 {Comput. Methods Appl. Mech. Engrg.},
  year = 	 {2002},
  OPTkey = 	 {},
  volume = 	 {191},
  OPTnumber = 	 {},
  pages = 	 {3391--3409},
  OPTmonth = 	 {},
  OPTnote = 	 {},
  OPTannote = 	 {}
}

@Article{BottassoMichelettiSacco05,
  author = 	 {Bottasso, C.L. and  Micheletti, S. and Sacco, R.},
  title = 	 {A multiscale formulation of the discontinuous {P}etrov-{G}alerkin 
                  method for advective-diffusive problems},
  journal = 	 {Comput. Methods Appl. Mech. Engrg.},
  year = 	 {2005},
  OPTkey = 	 {},
  volume = 	 {194},
  OPTnumber = 	 {},
  pages = 	 {2819--2838},
  OPTmonth = 	 {},
  OPTnote = 	 {},
  OPTannote = 	 {}
}




@Article{BrambleLazarovPasciak97,
  author = 	 {Bramble, J.H. and Lazarov, R.D. and Pasciak, J.E.},
  title = 	 {A least-squares
  approach based on a discrete minus one inner product for first order
  systems},
  journal = 	 {Math. Comp},
  year = 	 {1997},
  OPTkey = 	 {},
  volume = 	 {66},
  OPTnumber = 	 {},
  OPTpages = 	 {935-955},
  OPTmonth = 	 {},
  OPTnote = 	 {},
  OPTannote = 	 {}
}


@Article{BramblePasciak04,
  author = 	 {Bramble, J.H. and Pasciak, J.E.},
  title = 	 {A new approximation technique for
  div-curl systems},
  journal = 	 {Math. Comp.},
  year = 	 {2004},
  OPTkey = 	 {},
  volume = 	 {73},
  OPTnumber = 	 {},
  pages = 	 {1739-1762},
  OPTmonth = 	 {},
  OPTnote = 	 {},
  OPTannote = 	 {}
}




@Article{CaiLazarovManteuffelMcCormick94,
  author = 	 {Cai, Z.and Lazarov, R. and Manteuffel, T.A. and McCormick, S.F.},
  title = 	 {First-order system least squares for second-order partial differential
  equations. {I}},
  journal = 	 {SIAM J. Numer. Anal.},
  year = 	 {1994},
  OPTkey = 	 {},
  volume = 	 {31},
  OPTnumber = 	 {},
  pages = 	 {1785--1799},
  OPTmonth = 	 {},
  OPTnote = 	 {},
  OPTannote = 	 {}
}




@Article{CausinSacco05,
  author = 	 {Causin, P. and Sacco, R.},
  title = 	 {A discontinuous {P}etrov-{G}alerkin method
  with {L}agrangian multipliers for second order elliptic problems},
  journal = 	 {SIAM J. Numer. Anal.},
  year = 	 {2005},
  OPTkey = 	 {},
  volume = 	 {43},
  OPTnumber = 	 {},
  OPTpages = 	 {280-302},
  OPTmonth = 	 {},
  OPTnote = 	 {},
  OPTannote = 	 {}
}


@Article{CausinSaccoBottasso05,
  author = 	 {Causin, P. and Sacco, R. and Bottasso, C.L.},
  title = 	 {Flux-upwind stabilization
  of the discontinuous {P}etrov-{G}alerkin formulation with {L}agrange
  multipliers for advection-diffusion problems},
  journal = 	 {M2AN Math. Model. Numer.
  Anal.},
  year = 	 {2005},
  OPTkey = 	 {},
  volume = 	 {39},
  OPTnumber = 	 {},
  pages = 	 {1087-1114},
  OPTmonth = 	 {},
  OPTnote = 	 {},
  OPTannote = 	 {}
}



@Article{HoustonSchwabSuli00,
  author = 	 {Houston, P. and Schwab, C. and and S{\"u}li, E.},
  title = 	 {Stabilized {$hp$}-Finite
  Element Methods for First-order Hyperbolic Problems},
  journal = 	 {SIAM J. Numer. Anal.},
  year = 	 {2000},
  OPTkey = 	 {},
  volume = 	 {37},
  OPTnumber = 	 {},
  pages = 	 {1618--1643},
  OPTmonth = 	 {},
  note = 	 {(electronic)},
  OPTannote = 	 {}
}

@Article{HoustonSchwabSuli02,
  author = 	 {Houston, P. and Schwab, C. and and S{\"u}li, E.},
  title = 	 {Discontinuous
  {$hp$}-Finite Element Methods for Advection-Diffusion-Reaction Problems},
  journal = 	 {SIAM J. Numer. Anal.},
  year = 	 {2002},
  OPTkey = 	 {},
  volume = 	 {39},
  OPTnumber = 	 {},
  pages = 	 {2133--2163},
  OPTmonth = 	 {},
  note = 	 {(electronic)},
  OPTannote = 	 {}
}





@InProceedings{HughesBrooks79,
  author = 	 {Hughes, T.J.R. and Brooks, A.},
  title = 	 {A Multidimensional Upwind Scheme with
  no Crosswind Diffusion},
  booktitle = 	 {Finite Element Methods for Convection Dominated
  Flows ({P}apers, {W}inter {A}nn. {M}eeting {A}mer. {S}oc. {M}ech. {E}ngrs.,
  {N}ew {Y}ork, 1979)},
  OPTcrossref =  {},
  OPTkey = 	 {},
  pages = 	 {19-35},
  year = 	 {1979},
  OPTeditor = 	 {},
  volume = 	 {34},
  OPTnumber = 	 {},
  series = 	 {AMD},
  address = 	 {New York},
  OPTmonth = 	 {},
  organization = {Amer. Soc. Mech. Engrs. (ASME)},
  OPTpublisher = {},
  OPTnote = 	 {},
  OPTannote = 	 {}
}



@article{hybridDG,
 author = {B. Cockburn and J. Gopalakrishnan and R. Lazarov},
 title = {Unified Hybridization of Discontinuous {G}alerkin, Mixed, and Continuous {G}alerkin Methods for Second Order Elliptic Problems},
 journal = {SIAM J. Numer. Anal.},
 issue_date = {February 2009},
 volume = {47},
 number = {2},
 month = feb,
 year = {2009},
 issn = {0036-1429},
 pages = {1319--1365},
 numpages = {47},
 url = {http://dx.doi.org/10.1137/070706616},
 doi = {10.1137/070706616},
 acmid = {1654315},
 publisher = {Society for Industrial and Applied Mathematics},
 address = {Philadelphia, PA, USA},
 keywords = {continuous methods, discontinuous Galerkin methods, elliptic problems, hybrid methods, mixed methods},
} 






@Article{NguyenPeraireCockburn09,
  author = 	 {Nguyen, N. and Peraire, J. and Cockburn, B.},
  title = 	 {An Implicit High-order
  Hybridizable Discontinuous {G}alerkin Method for Linear Convection--Diffusion
  Equations},
  journal = 	 {Journal of Computational Physics},
  year = 	 {2009},
  OPTkey = 	 {},
  volume = 	 {228},
  OPTnumber = 	 {},
  OPTpages = 	 {3232--3254},
  OPTmonth = 	 {},
  OPTnote = 	 {},
  OPTannote = 	 {}
}





\end{thebibliography}