@article {FLD:FLD505,
author = {D. Griffiths},
title = {The `no boundary condition' outflow boundary condition},
journal = {International Journal for Numerical Methods in Fluids},
volume = {24},
number = {4},
publisher = {John Wiley & Sons, Ltd},
issn = {1097-0363},
url = {http://dx.doi.org/10.1002/(SICI)1097-0363(19970228)24:4<393::AID-FLD505>3.0.CO;2-O},
doi = {10.1002/(SICI)1097-0363(19970228)24:4<393::AID-FLD505>3.0.CO;2-O},
pages = {393--411},
keywords = {advection diffusion, outflow boundary conditions, finite elements},
year = {1997},
}

@article {FLD:FLD1650140506,
author = {T. Papanastasiou and N. Malamataris and K. Ellwood},
title = {A new outflow boundary condition},
journal = {International Journal for Numerical Methods in Fluids},
volume = {14},
number = {5},
publisher = {John Wiley & Sons, Ltd},
issn = {1097-0363},
url = {http://dx.doi.org/10.1002/fld.1650140506},
doi = {10.1002/fld.1650140506},
pages = {587--608},
keywords = {Open boundary conditions, Backward-facing step, Unbounded flow, Free boundary condition},
year = {1992},
}

@article{Demkowicz:1990:NFE:112271.112276,
 author = {L. Demkowicz and J. Oden and W. Rachowicz},
 title = {A new finite element method for solving compressible {N}avier-{S}tokes equations based on an operator splitting method and hp-adaptivity},
 journal = {Comput. Methods Appl. Mech. Eng.},
 issue_date = {Dec. 1990},
 volume = {84},
 number = {3},
 month = dec,
 year = {1990},
 issn = {0045-7825},
 pages = {275--326},
 numpages = {52},
 url = {http://dx.doi.org/10.1016/0045-7825(90)90081-V},
 doi = {10.1016/0045-7825(90)90081-V},
 acmid = {112276},
 publisher = {Elsevier Sequoia S. A.},
 address = {Lausanne, Switzerland, Switzerland},
} 

@techreport{DPGrobustness,
  Author = {L. Demkowicz and N. Heuer},
  Title = {{R}obust {DPG} method for convection-dominated diffusion problems},
  Number = {11-33},
  Institution = {ICES},
  Year = {2011}}


@UNPUBLISHED{DPGrobustness2,
   author = {{J}. {C}han and N. Heuer and  {T}. {B}ui-{T}hanh and {L}. {D}emkowicz},
   title = {Robust {DPG} method for convection-diffusion problems {II}: natural inflow conditions},
   note = "In preparation",
   month = jun,
   year = 2012
}

@UNPUBLISHED{stokesDPG,
   author = {{N}. {R}oberts and {T}. {B}ui-{T}hanh and {L}. {D}emkowicz},
   title = {The {DPG} method for the {S}tokes problem},
   note = "In preparation",
   month = jun,
   year = 2012
}

@techreport{BoeingDrela,
   Author = {M. Bieterman and R. Melvin and F. Johnson and J. Bussoletti and D. Young and W. Huffman and C. Hilmes},
   Title  = {Boundary layer coupling in a general configuration full potential code},
   Number = {BCSTech-94-032},
   Institution = {Boeing Computer Services},
   Year = {1994}
}

@article {zienkUpwind,
author = {J. Heinrich and P. Huyakorn and O. Zienkiewicz and A. Mitchell},
title = {An upwind finite element scheme for two-dimensional convective transport equation},
journal = {International Journal for Numerical Methods in Engineering},
volume = {11},
number = {1},
publisher = {John Wiley & Sons, Ltd},
issn = {1097-0207},
url = {http://dx.doi.org/10.1002/nme.1620110113},
doi = {10.1002/nme.1620110113},
pages = {131--143},
year = {1977},
}

@article{Brezzi20063293,
title = "Stabilization mechanisms in discontinuous Galerkin finite element methods",
journal = "Computer Methods in Applied Mechanics and Engineering",
volume = "195",
number = "25–28",
pages = "3293 - 3310",
year = "2006",
note = "<ce:title>Discontinuous Galerkin Methods</ce:title>",
issn = "0045-7825",
doi = "10.1016/j.cma.2005.06.015",
url = "http://www.sciencedirect.com/science/article/pii/S0045782505002707",
author = "F. Brezzi and B. Cockburn and L.D. Marini and E. Süli",
keywords = "Discontinuous Galerkin methods",
keywords = "Stabilization mechanisms"
}
