@article {FLD:FLD505,
author = {D. Griffiths},
title = {The `no boundary condition' outflow boundary condition},
journal = {International Journal for Numerical Methods in Fluids},
volume = {24},
number = {4},
publisher = {John Wiley & Sons, Ltd},
issn = {1097-0363},
url = {http://dx.doi.org/10.1002/(SICI)1097-0363(19970228)24:4<393::AID-FLD505>3.0.CO;2-O},
doi = {10.1002/(SICI)1097-0363(19970228)24:4<393::AID-FLD505>3.0.CO;2-O},
pages = {393--411},
keywords = {advection diffusion, outflow boundary conditions, finite elements},
year = {1997},
}

@article {FLD:FLD1650140506,
author = {T. Papanastasiou and N. Malamataris and K. Ellwood},
title = {A new outflow boundary condition},
journal = {International Journal for Numerical Methods in Fluids},
volume = {14},
number = {5},
publisher = {John Wiley & Sons, Ltd},
issn = {1097-0363},
url = {http://dx.doi.org/10.1002/fld.1650140506},
doi = {10.1002/fld.1650140506},
pages = {587--608},
keywords = {Open boundary conditions, Backward-facing step, Unbounded flow, Free boundary condition},
year = {1992},
}

@article{Demkowicz:1990:NFE:112271.112276,
 author = {L. Demkowicz and J. Oden and W. Rachowicz},
 title = {A new finite element method for solving compressible {N}avier-{S}tokes equations based on an operator splitting method and hp-adaptivity},
 journal = {Comput. Methods Appl. Mech. Eng.},
 issue_date = {Dec. 1990},
 volume = {84},
 number = {3},
 month = dec,
 year = {1990},
 issn = {0045-7825},
 pages = {275--326},
 numpages = {52},
 url = {http://dx.doi.org/10.1016/0045-7825(90)90081-V},
 doi = {10.1016/0045-7825(90)90081-V},
 acmid = {112276},
 publisher = {Elsevier Sequoia S. A.},
 address = {Lausanne, Switzerland, Switzerland},
} 

@techreport{DPGrobustness,
  Author = {L. Demkowicz and N. Heuer},
  Title = {{R}obust {DPG} method for convection-dominated diffusion problems},
  Number = {11-33},
  Institution = {ICES},
  Year = {2011}}


@UNPUBLISHED{DPGrobustness2,
   author = {{J}. {C}han and N. Heuer and  {T}. {B}ui-{T}hanh and {L}. {D}emkowicz},
   title = {Robust {DPG} method for convection-diffusion problems {II}: natural inflow conditions},
   note = "In preparation",
   month = jun,
   year = 2012
}

@UNPUBLISHED{stokesDPG,
   author = {{N}. {R}oberts and {T}. {B}ui-{T}hanh and {L}. {D}emkowicz},
   title = {The {DPG} method for the {S}tokes problem},
   note = "In preparation",
   month = jun,
   year = 2012
}

