%% This BibTeX bibliography file was created using BibDesk.
%% http://bibdesk.sourceforge.net/
@article {FETI1,
author = {C. Farhat and F. Roux},
title = {A method of finite element tearing and interconnecting and its parallel solution algorithm},
journal = {International Journal for Numerical Methods in Engineering},
volume = {32},
number = {6},
publisher = {John Wiley & Sons, Ltd},
issn = {1097-0207},
url = {http://dx.doi.org/10.1002/nme.1620320604},
doi = {10.1002/nme.1620320604},
pages = {1205--1227},
year = {1991},
}
@article{FETI2,
title = "Optimal convergence properties of the {FETI} domain decomposition method ",
journal = "Computer Methods in Applied Mechanics and Engineering ",
volume = "115",
number = "3–4",
pages = "365 - 385",
year = "1994",
note = "",
issn = "0045-7825",
doi = "10.1016/0045-7825(94)90068-X",
url = "http://www.sciencedirect.com/science/article/pii/004578259490068X",
author = "C. Farhat and J. Mandel and F. Roux"
}


@article{NURBSorig,
title = "Isogeometric analysis: {CAD}, finite elements, {NURBS}, exact geometry and mesh refinement ",
journal = "Computer Methods in Applied Mechanics and Engineering ",
volume = "194",
number = "39–41",
pages = "4135 - 4195",
year = "2005",
note = "",
issn = "0045-7825",
doi = "10.1016/j.cma.2004.10.008",
url = "http://www.sciencedirect.com/science/article/pii/S0045782504005171",
author = "T.J.R. Hughes and J.A. Cottrell and Y. Bazilevs",
keywords = "{NURBS}",
keywords = "Finite element analysis",
keywords = "{CAD}",
keywords = "Structural analysis",
keywords = "Fluid dynamics",
keywords = "Mesh refinement",
keywords = "Convergence",
keywords = "Boundary layers",
keywords = "Internal layers",
keywords = "Geometry",
keywords = "Shells",
keywords = "<span style='font-style: italic'>h</span>-refinement",
keywords = "<span style='font-style: italic'>p</span>-refinement",
keywords = "<span style='font-style: italic'>k</span>-refinement "
}


@article{nurbsTrace,
year={2013},
issn={0029-599X},
journal={Numerische Mathematik},
volume={123},
number={2},
doi={10.1007/s00211-012-0484-6},
title={Explicit trace inequalities for isogeometric analysis and parametric hexahedral finite elements},
url={http://dx.doi.org/10.1007/s00211-012-0484-6},
publisher={Springer-Verlag},
keywords={65N30; 65N12},
author={J. A. Evans and T. J. R. Hughes},
pages={259-290},
language={English}
}

@article{Warburton20032765,
title = "On the constants in hp-finite element trace inverse inequalities ",
journal = "Computer Methods in Applied Mechanics and Engineering ",
volume = "192",
number = "25",
pages = "2765 - 2773",
year = "2003",
note = "",
issn = "0045-7825",
doi = "10.1016/S0045-7825(03)00294-9",
url = "http://www.sciencedirect.com/science/article/pii/S0045782503002949",
author = "T. Warburton and J.S. Hesthaven",
keywords = "<span style='font-style: italic'>hp</span>-Finite element",
keywords = "Trace inverse inequality "
}


@article{AlmeidaAnisotropy,
title = "Adaptive finite element computational fluid dynamics using an anisotropic error estimator ",
journal = "Computer Methods in Applied Mechanics and Engineering ",
volume = "182",
number = "3–4",
pages = "379 - 400",
year = "2000",
note = "",
issn = "0045-7825",
doi = "10.1016/S0045-7825(99)00200-5",
url = "http://www.sciencedirect.com/science/article/pii/S0045782599002005",
author = "Regina C. Almeida and Raúl A. Feijóo and Augusto C. Galeão and Claudio Padra and Renato S. Silva",
keywords = "Error estimator",
keywords = "Adaptive analysis",
keywords = "Computational fluid dynamics",
keywords = "Finite elements",
keywords = "Mesh generation "
}

@ARTICLE{uzawa,
    author = {R. E. Bank and B. D. Welfert and H. Yserentant},
    title = {A class of iterative Methods For Solving Saddle Point Problems},
    journal = {Numer. Math},
    year = {1990},
    volume = {56},
    pages = {645--666}
}
@book{cottrell2007isogeometric,
  title={Isogeometric analysis and numerical modeling of the fine scales within the variational multiscale method},
  author={J.A. Cottrell},
  year={2007},
  publisher={ProQuest}
}

@TechReport{globalLocalDPG,
 author =       {J. Chan, J. Gopalakrishnan, L. Demkowicz},
 title =        {Global properties of {DPG} test spaces for convection-diffusion problems},
 institution =  {ICES},
 year =         {2013},
 number =       {13-05},
 month =        {February},
 note =         {},
}

@TechReport{overviewDPG,
 author =       {L. Demkowicz, J. Gopalakrishnan},
 title =        {An {O}verview of the {DPG} {M}ethod},
 institution =  {ICES},
 year =         {2013},
 number =       {13-02},
 month =        {January},
 note =         {},
}

@book{brenner2008mathematical,
  title={The Mathematical Theory of Finite Element Methods},
  author={Brenner, S.C. and Scott, R.},
  isbn={9780387759333},
  lccn={2007939977},
  series={Texts in Applied Mathematics},
  url={http://books.google.com/books?id=ci4c\_R0WKYYC},
  year={2008},
  publisher={Springer}
}


@article{SchwabBoundaryLayers,
 author = {C. Schwab and M. Suri},
 title = {The p and hp versions of the finite element method for problems with boundary layers},
 journal = {Math. Comput.},
 issue_date = {Oct. 1996},
 volume = {65},
 number = {216},
 month = oct,
 year = {1996},
 issn = {0025-5718},
 pages = {1403--1429},
 numpages = {27},
 url = {http://dx.doi.org/10.1090/S0025-5718-96-00781-8},
 doi = {10.1090/S0025-5718-96-00781-8},
 acmid = {244360},
 publisher = {American Mathematical Society},
 address = {Boston, MA, USA},
} 

@book{LoggMardalEtAl2012a,
  title = {Automated Solution of Differential Equations by the Finite Element Method},
  author = {A. Logg and K. A. Mardal and G. N. Wells and others},
  year = {2012},
  publisher = {Springer},
  doi = {10.1007/978-3-642-23099-8},
  isbn = {978-3-642-23098-1},
}

@TechReport{broersenStevenson,
 author =       {D. Broerson and R. Stevenson},
 title =        {A {P}etrov-{G}alerkin discretization with optimal test space of a mild-weak formulation of convection-diffusion equations in mixed form},
 institution =  {Korteweg-de Vries Institute for Mathematics},
 year =         {2012},
 month =        {November},
 note =         {Submitted},
}

@article{DahmenVariationalStabilization,
title =  "Adaptivity and variational stabilization for convection-diffusion equations.",
journal = "{ESAIM}: Mathematical Modelling and Numerical Analysis",
volume = "46",
number = "5",
pages = "1247-1273",
doi = "doi:10.1051/m2an/2012003",
year = "2012",
author = "A. Cohen, W. Dahmen and G. Welper"
}

@article{johnsonCrosswind,
author = {C. Johnson and A. H. Schatz and L. B. Wahlbin},
title = {{Crosswind Smear and Pointwise Errors in Streamline Diffusion Finite Element Methods}},
journal = {Mathematics of Computation},
volume = {49},
year = {1987},
issue = {179},
doi = {10.2307/2008248},
masid = {15266104}
}

@article{stynesSUPG,
 author = {M. Stynes},
 title = {Convection-diffusion problems, {SDFEM/SUPG} and a priori meshes},
 journal = {Int. J. Comput. Sci. Math.},
 issue_date = {January 2007},
 volume = {1},
 number = {2-4},
 month = jan,
 year = {2007},
 issn = {1752-5055},
 pages = {412--431},
 numpages = {20},
 url = {http://dx.doi.org/10.1504/IJCSM.2007.016543},
 doi = {10.1504/IJCSM.2007.016543},
 acmid = {1360397},
 publisher = {Inderscience Publishers},
 address = {Inderscience Publishers, Geneva, SWITZERLAND},
 keywords = {SDFEM, SUPG, Shishkin meshes, boundary layers, convection\&\#45;diffusion, finite element method, interior layers, streamline diffusion FEM},
} 


@techreport{maxwellDPG,
   author = {{L}. {D}emkowicz and {J}. Li},
   title = {Numerical Simulations of Cloaking Problems using a {DPG} method},
   institution = {ICES},
   number = {11-31},
   month = oct,
   year = 2011
}
