@article{Demkowicz:1990:NFE:112271.112276,
 author = {L. Demkowicz and J. Oden and W. Rachowicz},
 title = {A new finite element method for solving compressible {N}avier-{S}tokes equations based on an operator splitting method and hp-adaptivity},
 journal = {Comput. Methods Appl. Mech. Eng.},
 issue_date = {Dec. 1990},
 volume = {84},
 number = {3},
 month = dec,
 year = {1990},
 issn = {0045-7825},
 pages = {275--326},
 numpages = {52},
 url = {http://dx.doi.org/10.1016/0045-7825(90)90081-V},
 doi = {10.1016/0045-7825(90)90081-V},
 acmid = {112276},
 publisher = {Elsevier Sequoia S. A.},
 address = {Lausanne, Switzerland, Switzerland},
} 

@techreport{BoeingDrela,
   Author = {M. Bieterman and R. Melvin and F. Johnson and J. Bussoletti and D. Young and W. Huffman and C. Hilmes},
   Title  = {Boundary layer coupling in a general configuration full potential code},
   Number = {BCSTech-94-032},
   Institution = {Boeing Computer Services},
   Year = {1994}
}

@article {zienkUpwind,
author = {J. Heinrich and P. Huyakorn and O. Zienkiewicz and A. Mitchell},
title = {An upwind finite element scheme for two-dimensional convective transport equation},
journal = {International Journal for Numerical Methods in Engineering},
volume = {11},
number = {1},
publisher = {John Wiley & Sons, Ltd},
issn = {1097-0207},
url = {http://dx.doi.org/10.1002/nme.1620110113},
doi = {10.1002/nme.1620110113},
pages = {131--143},
year = {1977},
}

@article{Brezzi20063293,
title = "Stabilization mechanisms in discontinuous {G}alerkin finite element methods",
journal = "Computer Methods in Applied Mechanics and Engineering",
volume = "195",
number = "25–28",
pages = "3293 - 3310",
year = "2006",
issn = "0045-7825",
doi = "10.1016/j.cma.2005.06.015",
url = "http://www.sciencedirect.com/science/article/pii/S0045782505002707",
author = "F. Brezzi and B. Cockburn and L.D. Marini and E. Süli",
keywords = "Discontinuous Galerkin methods",
keywords = "Stabilization mechanisms"
}

@article {anisotropy1,
author = {Y. Bourgault and M. Picasso and F. Alauzet and A. Loseille},
title = {On the use of anisotropic a posteriori error estimators for the adaptive solution of 3{D} inviscid compressible flows},
journal = {International Journal for Numerical Methods in Fluids},
volume = {59},
number = {1},
publisher = {John Wiley & Sons, Ltd.},
issn = {1097-0363},
url = {http://dx.doi.org/10.1002/fld.1797},
doi = {10.1002/fld.1797},
pages = {47--74},
keywords = {compressible flows, anisotropic mesh adaptation, error estimators},
year = {2009},
}

@article{anisotropy2,
title = "Adaptive finite element computational fluid dynamics using an anisotropic error estimator",
journal = "Computer Methods in Applied Mechanics and Engineering",
volume = "182",
number = "3–4",
pages = "379 - 400",
year = "2000",
note = "",
issn = "0045-7825",
doi = "10.1016/S0045-7825(99)00200-5",
url = "http://www.sciencedirect.com/science/article/pii/S0045782599002005",
author = "R. Almeida and R. Feijóo and A. Galeão and C. Padra and R. Silva",
keywords = "Error estimator",
keywords = "Adaptive analysis",
keywords = "Computational fluid dynamics",
keywords = "Finite elements",
keywords = "Mesh generation"
}
@article{HughesSangalliSUPG,
 author = {T. Hughes and G. Sangalli},
 title = {Variational {M}ultiscale {A}nalysis: the {F}ine-scale {G}reen's {F}unction, {P}rojection, {O}ptimization, {L}ocalization, and {S}tabilized {M}ethods},
 journal = {SIAM J. Numer. Anal.},
 issue_date = {February 2007},
 volume = {45},
 number = {2},
 month = feb,
 year = {2007},
 issn = {0036-1429},
 pages = {539--557},
 numpages = {19},
 url = {http://dx.doi.org/10.1137/050645646},
 doi = {10.1137/050645646},
 acmid = {1272810},
 publisher = {Society for Industrial and Applied Mathematics},
 address = {Philadelphia, PA, USA},
 keywords = {advection-diffusion, multiscale},
} ﻿

@article {upwinding,
author = {R. Courant and E. Isaacson and M. Rees},
title = {On the solution of nonlinear hyperbolic differential equations by finite differences},
journal = {Communications on Pure and Applied Mathematics},
volume = {5},
number = {3},
publisher = {Wiley Subscription Services, Inc., A Wiley Company},
issn = {1097-0312},
url = {http://dx.doi.org/10.1002/cpa.3160050303},
doi = {10.1002/cpa.3160050303},
pages = {243--255},
year = {1952},
}