@article{hp1,
title = "Approximation properties of the h-p version of the finite element method ",
journal = "Computer Methods in Applied Mechanics and Engineering ",
volume = "133",
number = "3-4",
pages = "319 - 346",
year = "1996",
note = "",
issn = "0045-7825",
doi = "10.1016/0045-7825(95)00946-9",
url = "http://www.sciencedirect.com/science/article/pii/0045782595009469",
author = "I. Babuska and B.Q. Guo"
}

@article{hp3,
title = "Toward a universal h-p adaptive finite element strategy part 3. {D}esign of h-p meshes ",
journal = "Computer Methods in Applied Mechanics and Engineering ",
volume = "77",
number = "1-2",
pages = "181 - 212",
year = "1989",
note = "",
issn = "0045-7825",
doi = "10.1016/0045-7825(89)90131-X",
url = "http://www.sciencedirect.com/science/article/pii/004578258990131X",
author = "W. Rachowicz and J. T. Oden and L. Demkowicz"
}

@Article{Babuska70,
  author = 	 {Babu{\v{s}}ka, I.},
  title = 	 {Error-bounds for finite element method},
  journal = 	 {Numer.  Math},
  year = 	 {1970/1971},
  OPTkey = 	 {},
  volume = 	 {16},
  OPTnumber = 	 {},
  OPTpages = 	 {322-333},
  OPTmonth = 	 {},
  OPTnote = 	 {},
  OPTannote = 	 {}
}

@Book{BabuskaAziz72,
  author = 	 {Babu{\v{s}}ka, I.  and Aziz, A.K.},
  ALTeditor = 	 {},
  title = 	 {Survey lectures on the mathematical
  foundations of the finite element method, in The mathematical foundations of
  the finite element method with applications to partial differential equations
  ({P}roc. {S}ympos., {U}niv. {M}aryland, {B}altimore, {M}d., 1972)},
  publisher = 	 {Academic Press},
  year = 	 {1972},
  OPTkey = 	 {},
  OPTvolume = 	 {},
  OPTnumber = 	 {},
  OPTseries = 	 {},
  address = 	 {New York},
  OPTedition = 	 {},
  OPTmonth = 	 {},
  note = 	 {With the collaboration of G. Fix and R. B. Kellogg},
  annote = 	 {pp.~1--359}
}

@Article{BabuskaCalozOsborn94,
  author = 	 {Babu{\v{s}}ka, Iv. and Caloz, G. and Osborn, J.,E.},
  title = 	 {Special Finite Element
  Methods for a Class of Second Order Elliptic Problems with Rough
  Coefficients},
  journal = 	 {SIAM J. Numer. Anal.},
  year = 	 {1994},
  OPTkey = 	 {},
  Ovolume = 	 {31},
  OPTnumber = 	 {},
  pages = 	 {945--981},
  OPTmonth = 	 {},
  OPTnote = 	 {},
  OPTannote = 	 {}
}

@Article{BottassoMichelettiSacco02,
  author = 	 {Bottasso, C.L. and  Micheletti, S. and Sacco, R.},
  title = 	 {The discontinuous
  {P}etrov-{G}alerkin method for elliptic problems},
  journal = 	 {Comput. Methods Appl. Mech. Engrg.},
  year = 	 {2002},
  OPTkey = 	 {},
  volume = 	 {191},
  OPTnumber = 	 {},
  pages = 	 {3391--3409},
  OPTmonth = 	 {},
  OPTnote = 	 {},
  OPTannote = 	 {}
}

@Article{BottassoMichelettiSacco05,
  author = 	 {Bottasso, C.L. and  Micheletti, S. and Sacco, R.},
  title = 	 {A multiscale formulation of the discontinuous {P}etrov-{G}alerkin 
                  method for advective-diffusive problems},
  journal = 	 {Comput. Methods Appl. Mech. Engrg.},
  year = 	 {2005},
  OPTkey = 	 {},
  volume = 	 {194},
  OPTnumber = 	 {},
  pages = 	 {2819--2838},
  OPTmonth = 	 {},
  OPTnote = 	 {},
  OPTannote = 	 {}
}




@Article{BrambleLazarovPasciak97,
  author = 	 {Bramble, J.H. and Lazarov, R.D. and Pasciak, J.E.},
  title = 	 {A least-squares
  approach based on a discrete minus one inner product for first order
  systems},
  journal = 	 {Math. Comp},
  year = 	 {1997},
  OPTkey = 	 {},
  volume = 	 {66},
  OPTnumber = 	 {},
  OPTpages = 	 {935-955},
  OPTmonth = 	 {},
  OPTnote = 	 {},
  OPTannote = 	 {}
}


@Article{BramblePasciak04,
  author = 	 {Bramble, J.H. and Pasciak, J.E.},
  title = 	 {A new approximation technique for
  div-curl systems},
  journal = 	 {Math. Comp.},
  year = 	 {2004},
  OPTkey = 	 {},
  volume = 	 {73},
  OPTnumber = 	 {},
  pages = 	 {1739-1762},
  OPTmonth = 	 {},
  OPTnote = 	 {},
  OPTannote = 	 {}
}




@Article{CaiLazarovManteuffelMcCormick94,
  author = 	 {Cai, Z.and Lazarov, R. and Manteuffel, T.A. and McCormick, S.F.},
  title = 	 {First-order system least squares for second-order partial differential
  equations. {I}},
  journal = 	 {SIAM J. Numer. Anal.},
  year = 	 {1994},
  OPTkey = 	 {},
  volume = 	 {31},
  OPTnumber = 	 {},
  pages = 	 {1785--1799},
  OPTmonth = 	 {},
  OPTnote = 	 {},
  OPTannote = 	 {}
}




@Article{CausinSacco05,
  author = 	 {Causin, P. and Sacco, R.},
  title = 	 {A discontinuous {P}etrov-{G}alerkin method
  with {L}agrangian multipliers for second order elliptic problems},
  journal = 	 {SIAM J. Numer. Anal.},
  year = 	 {2005},
  OPTkey = 	 {},
  volume = 	 {43},
  OPTnumber = 	 {},
  OPTpages = 	 {280-302},
  OPTmonth = 	 {},
  OPTnote = 	 {},
  OPTannote = 	 {}
}


@Article{CausinSaccoBottasso05,
  author = 	 {Causin, P. and Sacco, R. and Bottasso, C.L.},
  title = 	 {Flux-upwind stabilization
  of the discontinuous {P}etrov-{G}alerkin formulation with {L}agrange
  multipliers for advection-diffusion problems},
  journal = 	 {M2AN Math. Model. Numer.
  Anal.},
  year = 	 {2005},
  OPTkey = 	 {},
  volume = 	 {39},
  OPTnumber = 	 {},
  pages = 	 {1087-1114},
  OPTmonth = 	 {},
  OPTnote = 	 {},
  OPTannote = 	 {}
}



@Article{HoustonSchwabSuli00,
  author = 	 {Houston, P. and Schwab, C. and and S{\"u}li, E.},
  title = 	 {Stabilized {$hp$}-Finite
  Element Methods for First-order Hyperbolic Problems},
  journal = 	 {SIAM J. Numer. Anal.},
  year = 	 {2000},
  OPTkey = 	 {},
  volume = 	 {37},
  OPTnumber = 	 {},
  pages = 	 {1618--1643},
  OPTmonth = 	 {},
  note = 	 {(electronic)},
  OPTannote = 	 {}
}

@Article{HoustonSchwabSuli02,
  author = 	 {Houston, P. and Schwab, C. and and S{\"u}li, E.},
  title = 	 {Discontinuous
  {$hp$}-Finite Element Methods for Advection-Diffusion-Reaction Problems},
  journal = 	 {SIAM J. Numer. Anal.},
  year = 	 {2002},
  OPTkey = 	 {},
  volume = 	 {39},
  OPTnumber = 	 {},
  pages = 	 {2133--2163},
  OPTmonth = 	 {},
  note = 	 {(electronic)},
  OPTannote = 	 {}
}





@InProceedings{HughesBrooks79,
  author = 	 {Hughes, T.J.R. and Brooks, A.},
  title = 	 {A Multidimensional Upwind Scheme with
  no Crosswind Diffusion},
  booktitle = 	 {Finite Element Methods for Convection Dominated
  Flows ({P}apers, {W}inter {A}nn. {M}eeting {A}mer. {S}oc. {M}ech. {E}ngrs.,
  {N}ew {Y}ork, 1979)},
  OPTcrossref =  {},
  OPTkey = 	 {},
  pages = 	 {19-35},
  year = 	 {1979},
  OPTeditor = 	 {},
  volume = 	 {34},
  OPTnumber = 	 {},
  series = 	 {AMD},
  address = 	 {New York},
  OPTmonth = 	 {},
  organization = {Amer. Soc. Mech. Engrs. (ASME)},
  OPTpublisher = {},
  OPTnote = 	 {},
  OPTannote = 	 {}
}



@article{hybridDG,
 author = {B. Cockburn and J. Gopalakrishnan and R. Lazarov},
 title = {Unified Hybridization of Discontinuous {G}alerkin, Mixed, and Continuous {G}alerkin Methods for Second Order Elliptic Problems},
 journal = {SIAM J. Numer. Anal.},
 issue_date = {February 2009},
 volume = {47},
 number = {2},
 month = feb,
 year = {2009},
 issn = {0036-1429},
 pages = {1319--1365},
 numpages = {47},
 url = {http://dx.doi.org/10.1137/070706616},
 doi = {10.1137/070706616},
 acmid = {1654315},
 publisher = {Society for Industrial and Applied Mathematics},
 address = {Philadelphia, PA, USA},
 keywords = {continuous methods, discontinuous Galerkin methods, elliptic problems, hybrid methods, mixed methods},
} 


@Article{HDGprojection,
  author = 	 {B. Cockburn and J. Gopalakrishnan and F. Sayas},
  title = 	 {A projection-based error analysis of {HDG} Methods},
  journal = 	 {Math. Comp.},
  year = 	 {2010},
  volume = 	 {79},
  pages = 	 {1351-1367},
}

@article {FLD:FLD582,
author = {J. F. Gerbeau and C. Le Bris and M Bercovier},
title = {Spurious velocities in the steady flow of an incompressible fluid subjected to external forces},
journal = {International Journal for Numerical Methods in Fluids},
volume = {25},
number = {6},
publisher = {John Wiley & Sons, Ltd},
issn = {1097-0363},
pages = {679--695},
keywords = {incompressible flow, body force, projection method},
year = {1997},
}


%% Saved with string encoding Unicode (UTF-8) 
@article{Demkowicz1986188,
title = "An adaptive characteristic {P}etrov-{G}alerkin finite element method for convection-dominated linear and nonlinear parabolic problems in one space variable",
journal = "Journal of Computational Physics",
volume = "67",
number = "1",
pages = "188 - 213",
year = "1986",
note = "",
issn = "0021-9991",
doi = "10.1016/0021-9991(86)90121-X",
url = "http://www.sciencedirect.com/science/article/pii/002199918690121X",
author = "L. Demkowicz and J.T Oden"
}

@article{BARRETT01101981,
author = {J. Barrett and K. Morton}, 
title = {Optimal {P}etrov—{G}alerkin Methods through Approximate Symmetrization}, 
volume = {1}, 
number = {4}, 
pages = {439-468}, 
year = {1981}, 
doi = {10.1093/imanum/1.4.439}, 
abstract ={A technique of approximate symmetrization is used to derive a test space from a given trial space for a Petrov—Galerkin method. This is applied to one-dimensional diffusion—convection problems to give approximations which are near optimal in an energy norm. Rigorous and precise error bounds are derived to demonstrate the uniformly good behaviour and near optimality of the procedure over all values of the mesh Péclet number.}, 
URL = {http://imajna.oxfordjournals.org/content/1/4/439.abstract}, 
eprint = {http://imajna.oxfordjournals.org/content/1/4/439.full.pdf+html}, 
journal = {IMA Journal of Numerical Analysis} 
}

@book{roos2008robust,
  title={Robust numerical methods for singularly perturbed differential equations: convection-diffusion-reaction and flow problems},
  author={H. Roos and M. Stynes and L. Tobiska},
  isbn={9783540344667},
  lccn={2008930796},
  series={Springer series in computational mathematics},
  url={http://books.google.com/books?id=tdnw1p2JoEIC},
  year={2008},
  publisher={Springer}
}

@ARTICLE{Hesthaven96astable,
    author = {J. Hesthaven}, 
    title = {A Stable Penalty Method For The Compressible {N}avier-{S}tokes Equations. III. Multi Dimensional Domain Decomposition Schemes.},
    journal = {SIAM J. Sci. Comput},
    year = {1996},
    volume = {17},
    pages = {579--612}
}

@techreport{BabuskaEquivBrezzi,
  Author = {L. Demkowicz},
  Title = {{B}abuska $<=>$ {B}rezzi?},
  Number = {06-08},
  Institution = {ICES},
  Year = {2006}}

@article{GLS,
	Author = {T. Hughes and L. Franca and G. Hulbert},
	Journal = {Comp. Meth. Appl. Mech. Engr},
	Pages = {173-189},
	Title = {{A} new finite element formulation for computational fluid dynamics: {VIII}. {T}he {G}alerkin/least-squares method for advective-diffusive equations},
	Volume = {73},
	Year = {1989}}

@article{SUPG,
	Author = {A. Brooks and T. Hughes},
	Journal = {Comp. Meth. Appl. Mech. Engr},
	Pages = {199-259},
	Title = {{S}treamline upwind/{P}etrov-{G}alerkin formulations for convection dominated flows with particular emphasis on the incompressible {N}avier-{S}tokes equations},
	Volume = {32},
	Year = {1982}}
	

@article{REFTREE,
	Author = {W.F. Mitchell},
	Issue = {4},
	Journal = {Journal of Parallel and Distributed Computing},
	Pages = {417-429},
	Title = {A Refinement-tree Based Partitioning Method for Dynamic Load Balancing with Adaptively Refined Grids},
	Volume = {67},
	Year = {2007}}

@book{demkowicz2006computing,
  title={Computing With hp-adaptive Finite Elements: One and two dimensional elliptic and Maxwell problems},
  author={L. Demkowicz},
  isbn={9781584886716},
  lccn={2006049231},
  series={Chapman \& Hall/CRC Applied Mathematics and Nonlinear Science Series},
  url={http://books.google.com/books?id=Xc3yGiekgEUC},
  year={2006},
  publisher={Chapman \& Hall/CRC}
}

@article{Eriksson1993,
   jstor_articletype = {research-article},
   title = {Adaptive Streamline Diffusion Finite Element Methods for Stationary Convection-Diffusion Problems},
   author = {K. Eriksson and C. Johnson},
   journal = {Mathematics of Computation},
   jstor_issuetitle = {},
   volume = {60},
   number = {201},
   jstor_formatteddate = {Jan., 1993},
   pages = {pp. 167-188},
   url = {http://www.jstor.org/stable/2153160},
   ISSN = {00255718},
   abstract = {Adaptive finite element methods for stationary convection-diffusion problems are designed and analyzed. The underlying discretization scheme is the Shock-capturing Streamline Diffusion method. The adaptive algorithms proposed are based on a posteriori error estimates for this method leading to reliable methods in the sense that the desired error control is guaranteed. A priori error estimates are used to show that the algorithms are efficient in a certain sense.},
   language = {English},
   year = {1993},
   publisher = {American Mathematical Society},
   copyright = {Copyright © 1993 American Mathematical Society},
}


@article {FETI1,
author = {C. Farhat and F. Roux},
title = {A method of finite element tearing and interconnecting and its parallel solution algorithm},
journal = {International Journal for Numerical Methods in Engineering},
volume = {32},
number = {6},
publisher = {John Wiley & Sons, Ltd},
issn = {1097-0207},
url = {http://dx.doi.org/10.1002/nme.1620320604},
doi = {10.1002/nme.1620320604},
pages = {1205--1227},
year = {1991},
}

@article{FETI2,
title = "Optimal convergence properties of the {FETI} domain decomposition method ",
journal = "Computer Methods in Applied Mechanics and Engineering ",
volume = "115",
number = "3–4",
pages = "365 - 385",
year = "1994",
note = "",
issn = "0045-7825",
doi = "10.1016/0045-7825(94)90068-X",
url = "http://www.sciencedirect.com/science/article/pii/004578259490068X",
author = "C. Farhat and J. Mandel and F. Roux"
}


@article{NURBSorig,
title = "Isogeometric analysis: {CAD}, finite elements, {NURBS}, exact geometry and mesh refinement ",
journal = "Computer Methods in Applied Mechanics and Engineering ",
volume = "194",
number = "39–41",
pages = "4135 - 4195",
year = "2005",
note = "",
issn = "0045-7825",
doi = "10.1016/j.cma.2004.10.008",
url = "http://www.sciencedirect.com/science/article/pii/S0045782504005171",
author = "T. J. R. Hughes and J.A. Cottrell and Y. Bazilevs",
keywords = "{NURBS}",
keywords = "Finite element analysis",
keywords = "{CAD}",
keywords = "Structural analysis",
keywords = "Fluid dynamics",
keywords = "Mesh refinement",
keywords = "Convergence",
keywords = "Boundary layers",
keywords = "Internal layers",
keywords = "Geometry",
keywords = "Shells",
keywords = "<span style='font-style: italic'>h</span>-refinement",
keywords = "<span style='font-style: italic'>p</span>-refinement",
keywords = "<span style='font-style: italic'>k</span>-refinement "
}


@article{nurbsTrace,
year={2013},
issn={0029-599X},
journal={Numerische Mathematik},
volume={123},
number={2},
doi={10.1007/s00211-012-0484-6},
title={Explicit trace inequalities for isogeometric analysis and parametric hexahedral finite elements},
url={http://dx.doi.org/10.1007/s00211-012-0484-6},
publisher={Springer-Verlag},
keywords={65N30; 65N12},
author={J. A. Evans and T. J. R. Hughes},
pages={259-290},
language={English}
}

@article{Warburton20032765,
title = "On the constants in hp-finite element trace inverse inequalities ",
journal = "Computer Methods in Applied Mechanics and Engineering ",
volume = "192",
number = "25",
pages = "2765 - 2773",
year = "2003",
note = "",
issn = "0045-7825",
doi = "10.1016/S0045-7825(03)00294-9",
url = "http://www.sciencedirect.com/science/article/pii/S0045782503002949",
author = "T. Warburton and J.S. Hesthaven",
keywords = "<span style='font-style: italic'>hp</span>-Finite element",
keywords = "Trace inverse inequality "
}


@article{AlmeidaAnisotropy,
title = "Adaptive finite element computational fluid dynamics using an anisotropic error estimator ",
journal = "Computer Methods in Applied Mechanics and Engineering ",
volume = "182",
number = "3–4",
pages = "379 - 400",
year = "2000",
note = "",
issn = "0045-7825",
doi = "10.1016/S0045-7825(99)00200-5",
url = "http://www.sciencedirect.com/science/article/pii/S0045782599002005",
author = "R. C. Almeida and R. A. Feijoo and A. C. Galeao and C. Padra and R. S. Silva",
keywords = "Error estimator",
keywords = "Adaptive analysis",
keywords = "Computational fluid dynamics",
keywords = "Finite elements",
keywords = "Mesh generation "
}

@ARTICLE{uzawa,
    author = {R. E. Bank and B. D. Welfert and H. Yserentant},
    title = {A class of iterative Methods For Solving Saddle Point Problems},
    journal = {Numer. Math},
    year = {1990},
    volume = {56},
    pages = {645--666}
}
@book{cottrell2007isogeometric,
  title={Isogeometric analysis and numerical modeling of the fine scales within the variational multiscale method},
  author={J.A. Cottrell},
  year={2007},
  publisher={ProQuest}
}


@book{brenner2008mathematical,
  title={The Mathematical Theory of Finite Element Methods},
  author={S. C. Brenner and R. Scott},
  isbn={9780387759333},
  lccn={2007939977},
  series={Texts in Applied Mathematics},
  url={http://books.google.com/books?id=ci4c\_R0WKYYC},
  year={2008},
  publisher={Springer}
}
@article{stynesSUPG,
 author = {M. Stynes},
 title = {Convection-diffusion problems, {SDFEM/SUPG} and a priori meshes},
 journal = {Int. J. Comput. Sci. Math.},
 issue_date = {January 2007},
 volume = {1},
 number = {2-4},
 month = jan,
 year = {2007},
 issn = {1752-5055},
 pages = {412--431},
 numpages = {20},
 url = {http://dx.doi.org/10.1504/IJCSM.2007.016543},
 doi = {10.1504/IJCSM.2007.016543},
 acmid = {1360397},
 publisher = {Inderscience Publishers},
 address = {Inderscience Publishers, Geneva, SWITZERLAND},
 keywords = {SDFEM, SUPG, Shishkin meshes, boundary layers, convection\&\#45;diffusion, finite element method, interior layers, streamline diffusion FEM},
} 


@article{SchwabBoundaryLayers,
 author = {C. Schwab and M. Suri},
 title = {The p and hp versions of the finite element method for problems with boundary layers},
 journal = {Math. Comput.},
 issue_date = {Oct. 1996},
 volume = {65},
 number = {216},
 month = oct,
 year = {1996},
 issn = {0025-5718},
 pages = {1403--1429},
 numpages = {27},
 url = {http://dx.doi.org/10.1090/S0025-5718-96-00781-8},
 doi = {10.1090/S0025-5718-96-00781-8},
 acmid = {244360},
 publisher = {American Mathematical Society},
 address = {Boston, MA, USA},
} 

@article{VMS1,
title = "Multiscale phenomena: Green's functions, the Dirichlet-to-Neumann formulation, subgrid scale models, bubbles and the origins of stabilized methods ",
journal = "Computer Methods in Applied Mechanics and Engineering ",
volume = "127",
number = "1-4",
pages = "387 - 401",
year = "1995",
note = "",
issn = "0045-7825",
doi = "10.1016/0045-7825(95)00844-9",
url = "http://www.sciencedirect.com/science/article/pii/0045782595008449",
author = "T. J. R. Hughes"
}

@article{VMS2,
title = "The variational multiscale method -- a paradigm for computational mechanics ",
journal = "Computer Methods in Applied Mechanics and Engineering ",
volume = "166",
number = "1-2",
pages = "3 - 24",
year = "1998",
note = "Advances in Stabilized Methods in Computational Mechanics",
issn = "0045-7825",
doi = "10.1016/S0045-7825(98)00079-6",
url = "http://www.sciencedirect.com/science/article/pii/S0045782598000796",
author = "T. J. R. Hughes and G. R. Feijoo and L. Mazzei and J. Quincy"
}


@article{HughesVMS,
 author = {T. J. R. Hughes and G. Sangalli},
 title = {Variational {M}ultiscale {A}nalysis: the {F}ine-scale {G}reen's {F}unction, {P}rojection, {O}ptimization, {L}ocalization, and {S}tabilized {M}ethods},
 journal = {SIAM J. Numer. Anal.},
 issue_date = {February 2007},
 volume = {45},
 number = {2},
 month = feb,
 year = {2007},
 issn = {0036-1429},
 pages = {539--557},
 numpages = {19},
 url = {http://dx.doi.org/10.1137/050645646},
 doi = {10.1137/050645646},
 acmid = {1272810},
 publisher = {Society for Industrial and Applied Mathematics},
 address = {Philadelphia, PA, USA},
 keywords = {advection-diffusion, multiscale},
} 


@book{LoggMardalEtAl2012a,
  title = {Automated Solution of Differential Equations by the Finite Element Method},
  author = {A. Logg and K. A. Mardal and G. N. Wells and others},
  year = {2012},
  publisher = {Springer},
  doi = {10.1007/978-3-642-23099-8},
  isbn = {978-3-642-23098-1},
}

@article{johnsonCrosswind,
author = {C. Johnson and A. H. Schatz and L. B. Wahlbin},
title = {{Crosswind Smear and Pointwise Errors in Streamline Diffusion Finite Element Methods}},
journal = {Mathematics of Computation},
volume = {49},
year = {1987},
issue = {179},
doi = {10.2307/2008248},
masid = {15266104}
}
