@TechReport{optDPG,
   author = {T. Bui-Thanh, O. Ghattas},
   title = {A {PDE}-constrained Optimization Approach to the {D}iscontinuous {P}etrov-{G}alerkin Method with a Trust Region Inexact {N}ewton-{CG} Solver},
   institution =  {ICES},
    year = {2013},
    month = {June},
   number = {13-16},
   }


@TechReport{NS_DPG1D,
   author = {J. Chan and L. Demkowicz and N. Roberts and R. Moser},
   title = {A New {D}iscontinuous {P}etrov-{G}alerkin Method with Optimal Test Functions. Part V: Solution of 1D {B}urgers and {N}avier-{S}tokes Equations},
   institution =  {ICES},
    year = {2010},
    month = {June},
   number = {10-25},
   }
   
@article{DPGcloak,
year={2013},
issn={0178-7675},
journal={Computational Mechanics},
volume={51},
number={5},
doi={10.1007/s00466-012-0744-4},
title={Numerical simulations of cloaking problems using a {DPG} method},
url={http://dx.doi.org/10.1007/s00466-012-0744-4},
publisher={Springer-Verlag},
keywords={Invisible cloak; Discontinuous Petrov-Galerkin method; Maxwell equations},
author={L. Demkowicz and J. Li},
pages={661-672},
language={English}
}

@TechReport{H1DPG,
   author = {J. Chan and J. Evans},
   title = {A minimum residual finite element method for the convection-dominated diffusion equation},
   institution =  {ICES},
    year = {2013},
    month = {May},
    note = {Submitted to SIAM J. Comp. Sci.},
   number = {13-12},
   }


@Article{primalDPG,
  author = 	 {L. Demkowicz and J. Gopalakrishnan},
  title = 	 {A Primal {DPG} Method Without A First Order Reformulation},
  journal = 	 {Computers and Mathematics with Applications},
  year = 	 {2013},
  OPTkey = 	 {},
  OPTvolume = 	 {},
  OPTpages = 	 {},
  OPTmonth = 	 {},
  note = 	 {To appear},
  OPTannote = 	 {}
}

@techreport{maxwellDPG,
   author = {{L}. {D}emkowicz and {J}. Li},
   title = {Numerical Simulations of Cloaking Problems using a {DPG} method},
   institution = {ICES},
   number = {11-31},
   month = oct,
   year = 2011
}
@TechReport{globalLocalDPG,
 author =       {J. Chan and J. Gopalakrishnan and L. Demkowicz},
 title =        {Global properties of {DPG} test spaces for convection-diffusion problems},
 institution =  {ICES},
 year =         {2013},
 number =       {13-05},
 month =        {February},
 note =         {},
}

@TechReport{overviewDPG,
 author =       {L. Demkowicz and J. Gopalakrishnan},
 title =        {An {O}verview of the {DPG} {M}ethod},
 institution =  {ICES},
 year =         {2013},
 number =       {13-02},
 month =        {January},
 note =         {},
}

@techreport{stokesDPG,
   author = {{N}. {R}oberts and {T}. {B}ui-{T}hanh and {L}. {D}emkowicz},
   title = {The {DPG} method for the {S}tokes problem},
   institution = {ICES},
   number = {12-22},
   month = jun,
   year = 2012
}

@Article{DPGElasLocking,
  author = 	 {J. Bramwell and L. Demkowicz, and J. Gopalakrishnan and W. Qiu},
  title = 	 {A Locking-free $hp$ {DPG} Method for Linear Elasticity with Symmetric Stresses},
  journal = 	 {Num. Math.},
  year = 	 {2012},
  OPTkey = 	 {},
  OPTvolume = 	 {},
  OPTnumber = 	 {},
  OPTpages = 	 {},
  OPTmonth = 	 {},
  note = 	 {accepted},
  OPTannote = 	 {}
}

@Article{DPGwave,
author = {L. Demkowicz and J. Gopalakrishnan and I. Muga and J. Zitelli},
  title = 	 {Wavenumber Explicit Analysis for a {DPG} Method for the Multidimensional {H}elmholtz Equation},
  journal = 	 {Comput. Methods Appl. Mech. Engrg.},
  year = 	 {2012},
  OPTkey = 	 {},
  volume = 	 {213-216},
  OPTnumber = 	 {},
  pages = 	 {126-138},
  OPTmonth = 	 {},
  OPTnote = 	 {},
  OPTannote = 	 {}
}


@article{analysisDPG,
 author = {L. Demkowicz and J. Gopalakrishnan},
 title = {Analysis of the {DPG} Method for the {P}oisson Equation},
 journal = {SIAM J. Numer. Anal.},
 issue_date = {September 2011},
 volume = {49},
 number = {5},
 month = sep,
 year = {2011},
 issn = {0036-1429},
 pages = {1788--1809},
 numpages = {22},
 url = {http://dx.doi.org/10.1137/100809799},
 doi = {10.1137/100809799},
 acmid = {2079122},
OPTnote = {see also ICES Report 2010/37}, 
 publisher = {Society for Industrial and Applied Mathematics},
 address = {Philadelphia, PA, USA},
 keywords = {\$hp\$, Helmholtz decomposition, adaptive, convection-diffusion, discontinuous Galerkin, discontinuous Petrov-Galerkin method, finite element method},
} 

	
@Article{practicalDPG,
  Author = {J. Gopalakrishnan and W. Qiu},
  title = 	 {An Analysis of the Practical {DPG} Method},
  journal = 	 {Math. Comp.},
  year = 	 {2012},
  OPTkey = 	 {},
  OPTvolume = 	 {},
  OPTnumber = 	 {},
  OPTpages = 	 {},
  OPTmonth = 	 {},
  note = 	 {accepted},
  OPTannote = 	 {}
}


@techreport{DGDPG,
	Author = {T. Bui-Thanh and O. Ghattas and L. Demkowicz},
	Institution = {ICES},
	Title = {A relation between the {D}iscontinuous {P}etrov-{G}alerkin method and the {D}iscontinuous {G}alerkin method},
	Year = 2011}

@article{DPG1,
	title = "A class of discontinuous {P}etrov-{G}alerkin methods. Part {I}: The transport equation",
	journal = "Computer Methods in Applied Mechanics and Engineering ",
	volume = "199",
	number = "23-24",
	pages = "1558 - 1572",
	year = "2010",
	note = {see also ICES Report 2009-12},
	issn = "0045-7825",
	doi = "http://dx.doi.org/10.1016/j.cma.2010.01.003",
	url = "http://www.sciencedirect.com/science/article/pii/S0045782510000125",
	author = "L. Demkowicz and J. Gopalakrishnan",
}
@article{DPG2,
	Author = {L. Demkowicz and J. Gopalakrishnan},
	Journal = {Num. Meth. for Partial Diff. Eq},	
	Pages = {70-105},
	Title = {A class of discontinuous {P}etrov-{G}alerkin methods. {II}. {O}ptimal test functions},
	Volume = {27},
	note = {see also ICES Report 9/16},
	Year = {2011}}
	

@article{DPG3,
 author = {L. Demkowicz and J. Gopalakrishnan and A. Niemi},
 title = {A class of discontinuous {P}etrov-{G}alerkin methods. {P}art {III}: {A}daptivity},
 journal = {Appl. Numer. Math.},
 issue_date = {April, 2012},
 volume = {62},
 number = {4},
 month = apr,
 year = {2012},
 issn = {0168-9274},
 pages = {396--427},
 numpages = {32},
 note = {see also ICES Report 2010/1},
 url = {http://dx.doi.org/10.1016/j.apnum.2011.09.002},
 doi = {10.1016/j.apnum.2011.09.002},
 acmid = {2151463},
 publisher = {Elsevier Science Publishers B. V.},
 address = {Amsterdam, The Netherlands, The Netherlands},
 keywords = {Convection-dominated diffusion, Discontinuous Petrov-Galerkin, hp-Adaptivity},
} 

@article{DPG4,
title = {A class of discontinuous {P}etrov-{G}alerkin methods. {P}art {IV}: The optimal test norm and time-harmonic wave propagation in 1{D}},
journal = "Journal of Computational Physics",
volume = "230",
number = "7",
pages = "2406 - 2432",
year = "2011",
note = "",
issn = "0021-9991",
doi = "10.1016/j.jcp.2010.12.001",
url = "http://www.sciencedirect.com/science/article/pii/S0021999110006649",
author = "J. Zitelli and I. Muga and L. Demkowicz and J. Gopalakrishnan and D. Pardo and V.M. Calo",
keywords = "Time harmonic",
keywords = "Wave propagation",
keywords = "Helmholtz",
keywords = "DPG",
keywords = "Discontinuous Petrov Galerkin",
keywords = "Robustness",
keywords = "Phase error",
keywords = "Dispersion",
keywords = "High frequency"
}

@article{DPGElas,
title = "{D}iscontinuous {P}etrov–{G}alerkin method with optimal test functions for thin-body problems in solid mechanics",
journal = "Computer Methods in Applied Mechanics and Engineering",
volume = "200",
number = "9-12",
pages = "1291 - 1300",
year = "2011",
note = "",
issn = "0045-7825",
doi = "10.1016/j.cma.2010.10.018",
url = "http://www.sciencedirect.com/science/article/pii/S0045782510002963",
author = "A. H. Niemi and J. A. Bramwell and L. F. Demkowicz",
keywords = "Thin structures",
keywords = "<span style='font-style: italic'>hp</span>-Adaptivity",
keywords = "Discontinuous Petrov–Galerkin"
}
	
@ARTICLE{Bui-ThanhDemkowiczGhattas11a,
  author = {T. Bui-Thanh and Leszek Demkowicz and Omar Ghattas},
  title = {Constructively well-posed approximation method with unity inf-sup
	and continuity constants for partial differential equations},
  journal = {Mathematics of Computation},
  year = {2011},
  note = {Accepted},
  owner = {ccgo},
  timestamp = {2011.06.19}
}


@Article{DBLP:journals/procedia/NiemiCC11,
 Author = {A. Niemi and N. Collier and V. Calo},
  title = 	 {Discontinuous
{P}etrov-{G}alerkin method based on the optimal test space norm for one-dimensional
transport problems.},
  journal = 	 {Journal of Computational Science},
  year = 	 {2011},
  OPTkey = 	 {},
  OPTvolume = 	 {},
  OPTnumber = 	 {},
  OPTpages = 	 {},
  OPTmonth = 	 {},
  note = 	 {In press},
  annote = 	 {http://www.sciencedirect.com/science/article/pii/S1877750311000652}
}


@UNPUBLISHED{shishkinDPG,
   author = "A. Niemi, N. Collier, V. Calo",
   title = "Automatically {S}table {D}iscontinuous {P}etrov-{G}alerkin {M}ethods for {S}tationary {T}ransport {P}roblems: {Q}uasi-{O}ptimal {T}est {S}pace {N}orm",
   note = "arXiv:1201.1847 [math.NA], submitted to CAMWA",
   month = jan,
   year = 2012
}


@TechReport{Bui-ThanhDemkowiczGhattas11b,
  author = 	 {Bui-Thanh, T. and Demkowicz,L.  and Ghattas, O.},
  title = 	 {A Unified Discontinuous {Petrov-Galerkin Method} and its Analysis 
for {F}riedrichs' Systems},
  institution =  {ICES},
  year = 	 {2011},
  OPTkey = 	 {},
  OPTtype = 	 {},
  number = 	 {34},
  OPTaddress = 	 {},
  OPTmonth = 	 {},
  note = 	 {Accepted to SIAM J. Num. Anal.},
  OPTannote = 	 {}
}

@Article{DPGrobustness,
  Author = {L. Demkowicz and N. Heuer},
  title = 	 {Robust {DPG} Method for Convection-Dominated Diffusion Problems},
  journal = 	 {SIAM J. Num. Anal},
  year = 	 {2013},
  OPTkey = 	 {},
  OPTvolume = 	 {},
  OPTnumber = 	 {},
  OPTpages = 	 {},
  OPTmonth = 	 {},
  note = 	 {accepted},
  annote = 	 {see also ICES Report 2011/13}
}


@techreport{Camellia,
	Author = {N. Roberts  and D. Ridzal  and P. Bochev and L. Demkowicz},
	Date-Added = {2011-12-08 22:12:07 +0000},
	Date-Modified = {2011-12-08 22:13:52 +0000},
	Institution = {Sandia National Laboratories},
	Number = {SAND2011-6678},
	Title = {{A Toolbox for a Class of Discontinuous Petrov-Galerkin Methods Using Trilinos}},
	Url = {https://cfwebprod.sandia.gov/cfdocs/CCIM/docs/Roberts_et_al_SAND2011-6678.pdf},
	Year = 2011}

@Article{NguyenPeraireCockburn09,
  author = 	 {Nguyen, N. and Peraire, J. and Cockburn, B.},
  title = 	 {An Implicit High-order
  Hybridizable Discontinuous {G}alerkin Method for Linear Convection--Diffusion
  Equations},
  journal = 	 {Journal of Computational Physics},
  year = 	 {2009},
  OPTkey = 	 {},
  volume = 	 {228},
  OPTnumber = 	 {},
  OPTpages = 	 {3232--3254},
  OPTmonth = 	 {},
  OPTnote = 	 {},
  OPTannote = 	 {}
}

@TechReport{broersenStevenson,
 author =       {D. Broerson and R. Stevenson},
 title =        {A {P}etrov-{G}alerkin discretization with optimal test space of a mild-weak formulation of convection-diffusion equations in mixed form},
 institution =  {Korteweg-de Vries Institute for Mathematics},
 year =         {2012},
 month =        {November},
 note =         {Submitted},
}

@article{DahmenVariationalStabilization,
title =  "Adaptivity and variational stabilization for convection-diffusion equations.",
journal = "{ESAIM}: Mathematical Modelling and Numerical Analysis",
volume = "46",
number = "5",
pages = "1247-1273",
doi = "doi:10.1051/m2an/2012003",
year = "2012",
author = "A. Cohen and W. Dahmen and G. Welper"
}

@TechReport{localConservationDPG,
   author = {T. Ellis and J. Chan and N. Roberts and L. Demkowicz},
   title = {Element conservation properties in the {DPG} method},
   institution =  {ICES},
    year = {2013},
    month = {July},
   note = "In preparation"
 }

@techreport{DPGNS_1d,
   author = {{J}. {C}han and {L}. {D}emkowicz and  {R}. {M}oser and {N}. {R}oberts},
   title = {A {N}ew {D}iscontinuous {P}etrov-{G}alerkin {M}ethod with {O}ptimal {T}est {F}unctions. {P}art {V}: {S}olution of 1{D} {B}urgers’ and {N}avier-{S}tokes {E}quations},
   number = {10-25},
   institution = {ICES},
   month = jun,
   year = 2010
}

@article{DPGrobustness2,
   author = {{J}. {C}han and N. Heuer and  {T}. {B}ui-{T}hanh and {L}. {D}emkowicz},
   title = {A robust {DPG} method for convection-dominated diffusion problems {II}: adjoint boundary conditions and mesh-dependent test norms},
   journal = {Computers and Mathematics with Applications},
   year = 2013,
   note = {Accepted}
}

@techreport{DPGspacetime,
   author = {{J}. {C}han and {L}. {D}emkowicz and {M}. {S}hashkov},
   title = {Space-time {DPG} for shock problems},
   number = {LA-UR 11-05511},
   institution = {LANL},
   month = sep,
   year = 2011
}

@MastersThesis{MITDPG,
    author     =     {D. Moro-Lude{\~n}a and J. Peraire and N. Nguyen},
    title     =     {A {H}ybridized {D}iscontinuous {P}etrov-{G}alerkin scheme for compressible flows},
    school     =     {Massachusetts Institute of Technology, Dept. of Aeronautics and Astronautics},
    address     =     {Boston, USA},
    year     =     {2011},
}
