%  a sample bibliography file
%  

@Article{SUPG,
  author    = {A.N. Brooks and T.J.R. Hughes},
  title     = {Streamline upwind/Petrov-Galerkin formulations for convection dominated flows with particular emphasis on the incompressible Navier-Stokes equations},
  journal   = {Comp. Meth. Appl. Mech. Engr},
  volume    = {32},
  year      = {1982},
  pages     = {199-259}
}


@article{DBLP:journals/procedia/NiemiCC11,
  author    = {Antti H. Niemi and
               Nathan O. Collier and
               Victor M. Calo},
  title     = {{Discontinuous} {Petrov-Galerkin} method based on the optimal
               test space norm for one-dimensional transport problems},
  journal   = {Procedia CS},
  volume    = {4},
  year      = {2011},
  pages     = {1862-1869},
  ee        = {http://dx.doi.org/10.1016/j.procs.2011.04.202},
  bibsource = {DBLP, http://dblp.uni-trier.de}
}

@TechReport{analysisDPG,
author = {Demkowicz, L. and Gopalakrishnan, J.},
title = {An analysis of the {DPG} method for the {P}oisson equation},
institution = {ICES},
year = 2010,
number = {10-37}
}

@TechReport{practicalDPG,
author = {Gopalakrishnan, J. and Qiu, W.},
title = {An analysis of the practical {DPG} method},
institution = {IMA},
year = 2011,
note = {submitted}
}

@Article{DPG1,
  author = 	 {Demkowicz, L. and Gopalakrishnan, J.},
  title = 	 {A {C}lass of {D}iscontinuous {Petrov-Galerkin} {M}ethods. 
{Part I}: {T}he {T}ransport {E}quation},
  journal = 	 {Comput. Methods Appl. Mech. Engrg.},
  year = 	 {2009},
  OPTkey = 	 {},
  OPTvolume = 	 {},
  OPTnumber = 	 {},
  OPTpages = 	 {},
  OPTmonth = 	 {},
  note = 	 {accepted, see also ICES Report 2009-12},
  OPTannote = 	 {}
}


@TechReport{DPG2,
  author = 	 {Demkowicz, L. and Gopalakrishnan, J.},
  title = 	 {A {C}lass of {D}iscontinuous {Petrov-Galerkin} {M}ethods.
{Part II}: {O}ptimal {T}est {F}unctions},
  institution =  {ICES},
  year = 	 {2009},
  OPTkey = 	 {},
  OPTtype = 	 {},
  number = 	 {16},
  OPTaddress = 	 {},
  OPTmonth = 	 {},
  note = 	 {Numer. Meth. Part. D. E., in review},
  OPTannote = 	 {}
}
@TechReport{DPG3,
  author = 	 {Demkowicz, L. and Gopalakrishnan, J. and Niemi, A.},
  title = 	 {A {C}lass of {D}iscontinuous {Petrov-Galerkin} {M}ethods.
{Part III}: {A}daptivity.},
  institution =  {ICES},
  year = 	 {2010},
  OPTkey = 	 {},
  OPTtype = 	 {},
  number = 	 {1},
  OPTaddress = 	 {},
  OPTmonth = 	 {},
  OPTnote = 	 {},
  OPTannote = 	 {}
}

@TechReport{DPG4,
  author = 	 {Zitelli, J. and Muga, I. and Demkowicz, L. and Gopalakrishnan, J. and Pardo, D. and
Calo, V.},
  title = 	 {A {C}lass of {D}iscontinuous {Petrov-Galerkin} {M}ethods.
{Part IV:} {W}ave {P}ropagation {P}roblems},
  institution =  {ICES},
  year = 	 {2010},
  OPTkey = 	 {},
  OPTtype = 	 {},
  number = 	 {17},
  OPTaddress = 	 {},
  OPTmonth = 	 {},
  OPTnote = 	 {},
  OPTannote = 	 {}
}


@TechReport{DPGElas,
  author = 	 {{A}ntti H. {N}iemi and  {J}amie {A}. {B}ramwell and {L}eszek {F}. {D}emkowicz},
  title = 	 {{D}iscontinuous {P}etrov-{G}alerkin {M}ethod with {O}ptimal {T}est {F}unctions for {T}hin-body {P}roblems in {S}olid {M}echanics},
  institution =  {ICES},
  year = 	 {2010},
  OPTkey = 	 {},
  OPTtype = 	 {},
  number = 	 {17},
  OPTaddress = 	 {},
  OPTmonth = 	 {},
  OPTnote = 	 {},
  OPTannote = 	 {}
}

@article{REFTREE,
  author    = {W.F. Mitchell},
  title     = {A Refinement-tree Based Partitioning Method for Dynamic Load Balancing with Adaptively Refined Grids},
  journal   = {Journal of Parallel and Distributed Computing},
  volume    = {67},
  issue     = {4},
  year      = {2007},
  pages     = {417-429}
}
@Article{ZoltanOverviewArticle,
   author = {Karen Devine and Erik Boman and Robert Heaphy and Bruce Hendrickson and Courtenay Vaughan}, 
   title = {{Zoltan} Data Management Services for Parallel Dynamic Applications}, 
   journal = {Computing in Science and Engineering}, 
   year = {2002}, 
   volume = {4}, 
   number = {2}, 
   pages = {90--97} 
} 

@techreport{Trilinos-Overview,
title = "{An Overview of Trilinos}",
author = "Michael Heroux and Roscoe Bartlett and Vicki Howle Robert Hoekstra and Jonathan Hu and Tamara Kolda and Richard Lehoucq and Kevin Long and Roger Pawlowski and Eric Phipps and Andrew Salinger and Heidi Thornquist and Ray Tuminaro and James Willenbring and Alan Williams ",
institution = "Sandia National Laboratories",
number = "SAND2003-2927",
year = 2003}
