%% This BibTeX bibliography file was created using BibDesk.
%% http://bibdesk.sourceforge.net/


%% Created for Nathan Roberts at 2011-12-08 16:14:00 -0600 


%% Saved with string encoding Unicode (UTF-8) 

@ARTICLE{Hesthaven96astable,
    author = {J.S. Hesthaven}, 
    title = {A Stable Penalty Method For The Compressible Navier-Stokes Equations. III. Multi Dimensional Domain Decomposition Schemes.},
    journal = {SIAM J. SCI. COMPUT},
    year = {1996},
    volume = {17},
    pages = {579--612}
}

@techreport{BabuskaEquivBrezzi,
  Author = {L. Demkowicz},
  Title = {{B}abuska $<=>$ {B}rezzi?},
  Number = {06-08},
  Institution = {ICES},
  Year = {2006}}

@techreport{DPGFriedrichs,
  Author = {T. Bui-Thanh and L. Demkowicz and O. Ghattas},
  Title = {{A} unified {D}iscontinuous {P}etrov-{G}alerkin method and its analysis for {F}riedrichs' systems},
  Number = {11-34},
  Institution = {ICES},
  Year = {2011}}
  
@techreport{DPGrobustness,
  Author = {L. Demkowicz and N. Heuer},
  Title = {{R}obust {DPG} method for convection-dominated diffusion problems},
  Number = {11-33},
  Institution = {ICES},
  Year = {2011}}

@techreport{Camellia,
	Author = {Nathan V. Roberts and Denis Ridzal and Pavel B. Bochev and Leszek D. Demkowicz},
	Date-Added = {2011-12-08 22:12:07 +0000},
	Date-Modified = {2011-12-08 22:13:52 +0000},
	Institution = {Sandia National Laboratories},
	Number = {SAND2011-6678},
	Title = {{A Toolbox for a Class of Discontinuous Petrov-Galerkin Methods Using Trilinos}},
	Url = {https://cfwebprod.sandia.gov/cfdocs/CCIM/docs/Roberts_et_al_SAND2011-6678.pdf},
	Year = 2011}

@article{SUPG,
	Author = {A.N. Brooks and T.J.R. Hughes},
	Journal = {Comp. Meth. Appl. Mech. Engr},
	Pages = {199-259},
	Title = {{S}treamline upwind/{P}etrov-{G}alerkin formulations for convection dominated flows with particular emphasis on the incompressible {N}avier-{S}tokes equations},
	Volume = {32},
	Year = {1982}}
	
@article{DPG2,
	Author = {Demkowicz, L. and Gopalakrishnan, J.},
	Journal = {Num. Meth. for Partial Diff. Eq},	
	Pages = {70-105},
	Title = {A class of discontinuous {P}etrov-{G}alerkin methods. II. {O}ptimal test functions},
	Volume = {27},
	Year = {2011}}

@techreport{DPG3,
	Author = {Demkowicz, L. and Gopalakrishnan, J. and Niemi, A.},
	Institution = {ICES},
	Number = {10-01},
	Title = {A {C}lass of discontinuous {P}etrov-{G}alerkin methods. III. {A}daptivity},
	Year = 2010}

@article{DBLP:journals/procedia/NiemiCC11,
	Author = {Antti H. Niemi and Nathan O. Collier and Victor M. Calo},
	Bibsource = {DBLP, http://dblp.uni-trier.de},
	Ee = {http://dx.doi.org/10.1016/j.procs.2011.04.202},
	Journal = {Procedia CS},
	Pages = {1862-1869},
	Title = {{Discontinuous} {Petrov-Galerkin} method based on the optimal test space norm for one-dimensional transport problems},
	Volume = {4},
	Year = {2011}}

@techreport{analysisDPG,
	Author = {Demkowicz, L. and Gopalakrishnan, J.},
	Institution = {ICES},
	Number = {10-37},
	Title = {An analysis of the {DPG} method for the {P}oisson equation},
	Year = 2010}

@techreport{practicalDPG,
	Author = {Gopalakrishnan, J. and Qiu, W.},
	Institution = {IMA},
	Note = {submitted},
	Title = {An analysis of the practical {DPG} method},
	Year = 2011}

@article{DPG1,
	Author = {Demkowicz, L. and Gopalakrishnan, J.},
	Journal = {Comput. Methods Appl. Mech. Engrg.},
	Note = {accepted, see also ICES Report 2009-12},
	Title = {A {C}lass of {D}iscontinuous {Petrov-Galerkin} {M}ethods. {Part I}: {T}he {T}ransport {E}quation},
	Year = {2009}}

@techreport{DPG4,
	Author = {Zitelli, J. and Muga, I. and Demkowicz, L. and Gopalakrishnan, J. and Pardo, D. and Calo, V.},
	Institution = {ICES},
	Number = {17},
	Title = {A {C}lass of {D}iscontinuous {Petrov-Galerkin} {M}ethods. {Part IV:} {W}ave {P}ropagation {P}roblems},
	Year = {2010}}

@techreport{DPGElas,
	Author = {{A}ntti H. {N}iemi and {J}amie {A}. {B}ramwell and {L}eszek {F}. {D}emkowicz},
	Institution = {ICES},
	Number = {17},
	Title = {{D}iscontinuous {P}etrov-{G}alerkin {M}ethod with {O}ptimal {T}est {F}unctions for {T}hin-body {P}roblems in {S}olid {M}echanics},
	Year = {2010}}

@article{REFTREE,
	Author = {W.F. Mitchell},
	Issue = {4},
	Journal = {Journal of Parallel and Distributed Computing},
	Pages = {417-429},
	Title = {A Refinement-tree Based Partitioning Method for Dynamic Load Balancing with Adaptively Refined Grids},
	Volume = {67},
	Year = {2007}}

@article{ZoltanOverviewArticle,
	Author = {Karen Devine and Erik Boman and Robert Heaphy and Bruce Hendrickson and Courtenay Vaughan},
	Journal = {Computing in Science and Engineering},
	Number = {2},
	Pages = {90--97},
	Title = {{Zoltan} Data Management Services for Parallel Dynamic Applications},
	Volume = {4},
	Year = {2002}}

@techreport{Trilinos-Overview,
	Author = {Michael Heroux and Roscoe Bartlett and Vicki Howle Robert Hoekstra and Jonathan Hu and Tamara Kolda and Richard Lehoucq and Kevin Long and Roger Pawlowski and Eric Phipps and Andrew Salinger and Heidi Thornquist and Ray Tuminaro and James Willenbring and Alan Williams},
	Institution = {Sandia National Laboratories},
	Number = {SAND2003-2927},
	Title = {{An Overview of Trilinos}},
	Year = 2003}
