%% This BibTeX bibliography file was created using BibDesk.
%% http://bibdesk.sourceforge.net/


%% Created for Nathan Roberts at 2011-09-11 14:52:36 -0500 


%% Saved with string encoding Unicode (UTF-8) 



@article{BochevLehoucq,
	Author = {Pavel Bochev and R. B. Lehoucq},
	Date-Added = {2011-09-11 19:49:46 +0000},
	Date-Modified = {2011-09-11 19:52:33 +0000},
	Journal = {SIAM Review},
	Month = {March},
	Number = {1},
	Pages = {55-66},
	Title = {On the Finite Element Solution of the Pure {N}eumann Problem},
	Volume = {47},
	Year = {2005}}

@article{Hughes,
	Author = {Thomas J.R. Hughes and Guglielmo Scovazzi and Pavel B. Bochev and Annalisa Buffa},
	Date-Added = {2010-09-07 16:51:55 -0500},
	Date-Modified = {2010-09-07 16:52:30 -0500},
	Doi = {DOI: 10.1016/j.cma.2005.06.006},
	Issn = {0045-7825},
	Journal = {Computer Methods in Applied Mechanics and Engineering},
	Keywords = {Galerkin methods},
	Number = {19-22},
	Pages = {2761 - 2787},
	Title = {{A multiscale discontinuous Galerkin method with the computational structure of a continuous Galerkin method}},
	Url = {http://www.sciencedirect.com/science/article/B6V29-4HMFJ5F-1/2/5541b393360c41d7bbcbcfe9b9e252bd},
	Volume = {195},
	Year = {2006},
	Bdsk-Url-1 = {http://www.sciencedirect.com/science/article/B6V29-4HMFJ5F-1/2/5541b393360c41d7bbcbcfe9b9e252bd},
	Bdsk-Url-2 = {http://dx.doi.org/10.1016/j.cma.2005.06.006}}

@article{DPG4,
	Author = {J. Zitelli and I. Muga and L. Demkowicz and J. Gopalakrishnan and D. Pardo and V.M. Calo},
	Date-Added = {2010-08-18 08:11:41 -0600},
	Date-Modified = {2010-08-18 08:11:41 -0600},
	Number = {2010-01},
	Title = {{A class of discontinuous Petrov-Galerkin methods. Part IV: Wave propagation}},
	Year = 2010}

@article{DPG1,
	Author = {L. Demkowicz and J. Gopalakrishnan},
	Date-Added = {2010-08-03 16:04:08 -0600},
	Date-Modified = {2010-08-04 07:35:14 -0600},
	Doi = {DOI: 10.1016/j.cma.2010.01.003},
	Issn = {0045-7825},
	Journal = {Computer Methods in Applied Mechanics and Engineering},
	Keywords = {Postprocessing},
	Number = {23-24},
	Pages = {1558 - 1572},
	Title = {{A class of discontinuous Petrov-Galerkin methods. Part I: The transport equation}},
	Url = {http://www.sciencedirect.com/science/article/B6V29-4Y70C3K-1/2/0688ed9f88fba6895a47092b2ac9907b},
	Volume = {199},
	Year = {2010},
	Bdsk-Url-1 = {http://www.sciencedirect.com/science/article/B6V29-4Y70C3K-1/2/0688ed9f88fba6895a47092b2ac9907b},
	Bdsk-Url-2 = {http://dx.doi.org/10.1016/j.cma.2010.01.003}}

@article{Intrepid,
	Author = {Pavel B. Bochev and Robert C. Kirby and Kara J. Peterson and Denis Ridzal},
	Date-Added = {2010-08-03 16:02:46 -0600},
	Date-Modified = {2010-08-03 16:05:52 -0600},
	Journal = {http://trilinos.sandia.gov/packages/intrepid/},
	Title = {Intrepid Project}}

@article{Trilinos,
	Address = {New York, NY, USA},
	Author = {Michael A. Heroux and Roscoe A. Bartlett and Vicki E. Howle and Robert J. Hoekstra and Jonathan J. Hu and Tamara G. Kolda and Richard B. Lehoucq and Kevin R. Long and Roger P. Pawlowski and Eric T. Phipps and Andrew G. Salinger and Heidi K. Thornquist and Ray S. Tuminaro and James M. Willenbring and Alan Williams and Kendall S. Stanley},
	Date-Added = {2010-08-03 16:02:00 -0600},
	Date-Modified = {2010-08-03 16:02:08 -0600},
	Doi = {http://doi.acm.org/10.1145/1089014.1089021},
	Issn = {0098-3500},
	Journal = {ACM Trans. Math. Softw.},
	Number = {3},
	Pages = {397--423},
	Publisher = {ACM Press},
	Title = {{An overview of the Trilinos project}},
	Volume = {31},
	Year = {2005},
	Bdsk-Url-1 = {http://doi.acm.org/10.1145/1089014.1089021}}

@inbook{Bochev,
	Author = {Pavel B. Bochev and Max D. Gunzberger},
	Date-Added = {2010-08-03 15:30:41 -0600},
	Date-Modified = {2010-08-03 16:05:10 -0600},
	Pages = {114-128},
	Publisher = {Springer},
	Series = {Applied Mathematical Sciences},
	Title = {Least-Squares Finite Element Methods},
	Volume = {166},
	Year = {2009}}

@article{Cockburn,
	Author = {Bernardo Cockburn and Guido Kanschat and Dominik Sch{\"o}tzau and Christoph Schwab},
	Date-Added = {2010-07-27 08:55:26 -0600},
	Date-Modified = {2010-08-04 07:34:39 -0600},
	Journal = {SIAM Journal on Numerical Analysis},
	Number = {1},
	Pages = {319-343},
	Title = {{Local discontinuous Galerkin methods for the Stokes system}},
	Url = {http://www.jstor.org/stable/4100956},
	Volume = {40},
	Year = {2003},
	Bdsk-Url-1 = {http://www.jstor.org/stable/4100956}}

@article{DPG3,
	Author = {Demkowicz, L. D. and Gopalakrishnan, J. and Niemi, A.},
	Date-Added = {2010-07-27 08:52:18 -0600},
	Date-Modified = {2010-08-04 07:36:10 -0600},
	Number = {2010-01},
	Title = {{A class of discontinuous Petrov-Galerkin methods. Part III: Adaptivity}},
	Year = 2010}

@article{DPG2,
	Author = {Demkowicz, L. D. and Gopalakrishnan, J.},
	Date-Added = {2010-07-27 08:48:58 -0600},
	Date-Modified = {2010-08-04 07:34:27 -0600},
	Journal = {ICES Technical Report},
	Number = {2009-16},
	Title = {{A class of discontinuous Petrov-Galerkin methods. Part II: Optimal test functions.}},
	Year = {2009}}

@article{DPG1old,
	Author = {Demkowicz, L. D. and Gopalakrishnan, J.},
	Date-Added = {2010-07-27 08:46:43 -0600},
	Date-Modified = {2010-08-03 16:04:30 -0600},
	Journal = {Comput. Methods in Appl. Mech Engr.},
	Number = {See also ICES report 2009-12},
	Title = {A class of discontinuous Petrov-Galerkin methods. Part I: The transport equation.},
	Volume = {in review},
	Year = {2009}}

@article{DPG5,
	Author = {J. Chan and L.D. Demkowicz and R. Moser and N. Roberts},
	Date-Added = {2010-07-27 08:46:43 -0600},
	Date-Modified = {2010-08-04 07:36:30 -0600},
	Journal = {ICES Technical Report},
	Number = {2010-25},
	Title = {{A new discontinuous Petrov-Galerkin method with optimal test functions. Part V: Solution of 1D Burgers' and Navier-Stokes equations}},
	Year = {2010}}

@article{DPG1023,
	Author = {J. Bramwell and L. Demkowicz and W. Qiu},
	Date-Added = {2010-07-27 08:46:43 -0600},
	Date-Modified = {2010-08-18 08:13:45 -0600},
	Number = {2010-23},
	Title = {{Solution of dual-mixed elasticity Equations using Arnold-Falk-Winther Element and discontinuous Petrov-Galerkin method, a comparison}},
	Year = 2010}
